%YAML 1.1
%TAG !u! tag:unity3d.com,2011:
--- !u!91 &9100000
AnimatorController:
  m_ObjectHideFlags: 0
  m_PrefabParentObject: {fileID: 0}
  m_PrefabInternal: {fileID: 0}
  m_Name: stomperidle1_0
  serializedVersion: 2
  m_AnimatorParameters:
  - m_Name: Speed
    m_Type: 1
    m_DefaultFloat: 0
    m_DefaultInt: 0
    m_DefaultBool: 0
    m_Controller: {fileID: 9100000}
  - m_Name: Stomping
    m_Type: 4
    m_DefaultFloat: 0
    m_DefaultInt: 0
    m_DefaultBool: 0
    m_Controller: {fileID: 9100000}
  - m_Name: Dodge
    m_Type: 4
    m_DefaultFloat: 0
    m_DefaultInt: 0
    m_DefaultBool: 0
    m_Controller: {fileID: 9100000}
  - m_Name: AirDodge
    m_Type: 4
    m_DefaultFloat: 0
    m_DefaultInt: 0
    m_DefaultBool: 0
    m_Controller: {fileID: 9100000}
  - m_Name: UpDash
    m_Type: 4
    m_DefaultFloat: 0
    m_DefaultInt: 0
    m_DefaultBool: 0
    m_Controller: {fileID: 9100000}
  - m_Name: Grounded
    m_Type: 4
    m_DefaultFloat: 0
    m_DefaultInt: 0
    m_DefaultBool: 0
    m_Controller: {fileID: 9100000}
  - m_Name: KnockedBack
    m_Type: 4
    m_DefaultFloat: 0
    m_DefaultInt: 0
    m_DefaultBool: 0
    m_Controller: {fileID: 9100000}
  - m_Name: yVel
    m_Type: 1
    m_DefaultFloat: 0
    m_DefaultInt: 0
    m_DefaultBool: 0
    m_Controller: {fileID: 9100000}
  - m_Name: Respawn
    m_Type: 4
    m_DefaultFloat: 0
    m_DefaultInt: 0
    m_DefaultBool: 0
    m_Controller: {fileID: 9100000}
  m_AnimatorLayers:
  - serializedVersion: 3
    m_Name: Base Layer
    m_StateMachine: {fileID: 110700000}
    m_Mask: {fileID: 0}
    m_BlendingMode: 0
    m_SyncedLayerIndex: -1
    m_StateMachineMotionSetIndex: 0
    m_DefaultWeight: 0
    m_IKPass: 0
    m_SyncedLayerAffectsTiming: 0
    m_Controller: {fileID: 9100000}
--- !u!1101 &110100000
Transition:
  serializedVersion: 2
  m_ObjectHideFlags: 3
  m_PrefabParentObject: {fileID: 0}
  m_PrefabInternal: {fileID: 0}
  m_Name: 
  m_SrcState: {fileID: 110242990}
  m_DstState: {fileID: 110200000}
  m_TransitionDuration: 0
  m_TransitionOffset: 0
  m_Conditions:
  - m_ConditionMode: 4
    m_ConditionEvent: Speed
    m_EventTreshold: .100000001
    m_ExitTime: 1
  m_Atomic: 1
  m_Solo: 0
  m_Mute: 0
  m_CanTransitionToSelf: 0
--- !u!1101 &110101052
Transition:
  serializedVersion: 2
  m_ObjectHideFlags: 3
  m_PrefabParentObject: {fileID: 0}
  m_PrefabInternal: {fileID: 0}
  m_Name: 
  m_SrcState: {fileID: 110260940}
  m_DstState: {fileID: 110205334}
  m_TransitionDuration: 0
  m_TransitionOffset: 0
  m_Conditions:
  - m_ConditionMode: 1
    m_ConditionEvent: AirDodge
    m_EventTreshold: 0
    m_ExitTime: 1
  m_Atomic: 1
  m_Solo: 0
  m_Mute: 0
  m_CanTransitionToSelf: 0
--- !u!1101 &110101857
Transition:
  serializedVersion: 2
  m_ObjectHideFlags: 3
  m_PrefabParentObject: {fileID: 0}
  m_PrefabInternal: {fileID: 0}
  m_Name: 
  m_SrcState: {fileID: 110234953}
  m_DstState: {fileID: 110200000}
  m_TransitionDuration: 0
  m_TransitionOffset: 0
  m_Conditions:
  - m_ConditionMode: 2
    m_ConditionEvent: KnockedBack
    m_EventTreshold: 0
    m_ExitTime: 1
  m_Atomic: 1
  m_Solo: 0
  m_Mute: 0
  m_CanTransitionToSelf: 0
--- !u!1101 &110104963
Transition:
  serializedVersion: 2
  m_ObjectHideFlags: 3
  m_PrefabParentObject: {fileID: 0}
  m_PrefabInternal: {fileID: 0}
  m_Name: 
  m_SrcState: {fileID: 0}
  m_DstState: {fileID: 110234953}
  m_TransitionDuration: .100000001
  m_TransitionOffset: 0
  m_Conditions:
  - m_ConditionMode: 1
    m_ConditionEvent: KnockedBack
    m_EventTreshold: 0
    m_ExitTime: .899999976
  m_Atomic: 1
  m_Solo: 0
  m_Mute: 0
  m_CanTransitionToSelf: 0
--- !u!1101 &110109058
Transition:
  serializedVersion: 2
  m_ObjectHideFlags: 3
  m_PrefabParentObject: {fileID: 0}
  m_PrefabInternal: {fileID: 0}
  m_Name: 
  m_SrcState: {fileID: 0}
  m_DstState: {fileID: 110297222}
  m_TransitionDuration: .100000001
  m_TransitionOffset: 0
  m_Conditions:
  - m_ConditionMode: 2
    m_ConditionEvent: Grounded
    m_EventTreshold: .100000001
    m_ExitTime: .899999976
  - m_ConditionMode: 2
    m_ConditionEvent: AirDodge
    m_EventTreshold: 0
    m_ExitTime: .899999976
  - m_ConditionMode: 2
    m_ConditionEvent: UpDash
    m_EventTreshold: 0
    m_ExitTime: .899999976
  - m_ConditionMode: 2
    m_ConditionEvent: Stomping
    m_EventTreshold: 0
    m_ExitTime: .899999976
  - m_ConditionMode: 2
    m_ConditionEvent: KnockedBack
    m_EventTreshold: 0
    m_ExitTime: .899999976
  m_Atomic: 1
  m_Solo: 0
  m_Mute: 0
  m_CanTransitionToSelf: 0
--- !u!1101 &110111198
Transition:
  serializedVersion: 2
  m_ObjectHideFlags: 3
  m_PrefabParentObject: {fileID: 0}
  m_PrefabInternal: {fileID: 0}
  m_Name: 
  m_SrcState: {fileID: 110213947}
  m_DstState: {fileID: 110200000}
  m_TransitionDuration: 0
  m_TransitionOffset: 0
  m_Conditions:
  - m_ConditionMode: 2
    m_ConditionEvent: Stomping
    m_EventTreshold: 0
    m_ExitTime: 1
  m_Atomic: 1
  m_Solo: 0
  m_Mute: 0
  m_CanTransitionToSelf: 0
--- !u!1101 &110111687
Transition:
  serializedVersion: 2
  m_ObjectHideFlags: 3
  m_PrefabParentObject: {fileID: 0}
  m_PrefabInternal: {fileID: 0}
  m_Name: 
  m_SrcState: {fileID: 0}
  m_DstState: {fileID: 110244231}
  m_TransitionDuration: .100000001
  m_TransitionOffset: 0
  m_Conditions:
  - m_ConditionMode: 2
    m_ConditionEvent: Grounded
    m_EventTreshold: .100000001
    m_ExitTime: .899999976
  - m_ConditionMode: 2
    m_ConditionEvent: AirDodge
    m_EventTreshold: .100000001
    m_ExitTime: .899999976
  m_Atomic: 1
  m_Solo: 0
  m_Mute: 0
  m_CanTransitionToSelf: 0
--- !u!1101 &110117609
Transition:
  serializedVersion: 2
  m_ObjectHideFlags: 3
  m_PrefabParentObject: {fileID: 0}
  m_PrefabInternal: {fileID: 0}
  m_Name: 
  m_SrcState: {fileID: 0}
  m_DstState: {fileID: 110200000}
  m_TransitionDuration: .100000001
  m_TransitionOffset: 0
  m_Conditions:
  - m_ConditionMode: 1
    m_ConditionEvent: Grounded
    m_EventTreshold: 0
    m_ExitTime: .899999976
  - m_ConditionMode: 2
    m_ConditionEvent: Stomping
    m_EventTreshold: 0
    m_ExitTime: .899999976
  - m_ConditionMode: 2
    m_ConditionEvent: Dodge
    m_EventTreshold: 0
    m_ExitTime: .899999976
  - m_ConditionMode: 4
    m_ConditionEvent: Speed
    m_EventTreshold: .100000001
    m_ExitTime: .899999976
  - m_ConditionMode: 2
    m_ConditionEvent: KnockedBack
    m_EventTreshold: .100000001
    m_ExitTime: .899999976
  m_Atomic: 1
  m_Solo: 0
  m_Mute: 0
  m_CanTransitionToSelf: 0
--- !u!1101 &110120833
Transition:
  serializedVersion: 2
  m_ObjectHideFlags: 3
  m_PrefabParentObject: {fileID: 0}
  m_PrefabInternal: {fileID: 0}
  m_Name: 
  m_SrcState: {fileID: 0}
  m_DstState: {fileID: 110242695}
  m_TransitionDuration: .100000001
  m_TransitionOffset: 0
  m_Conditions:
  - m_ConditionMode: 6
    m_ConditionEvent: Health
    m_EventTreshold: 0
    m_ExitTime: .899999976
  m_Atomic: 1
  m_Solo: 0
  m_Mute: 0
  m_CanTransitionToSelf: 0
--- !u!1101 &110125375
Transition:
  serializedVersion: 2
  m_ObjectHideFlags: 3
  m_PrefabParentObject: {fileID: 0}
  m_PrefabInternal: {fileID: 0}
  m_Name: 
  m_SrcState: {fileID: 110297222}
  m_DstState: {fileID: 110205334}
  m_TransitionDuration: 0
  m_TransitionOffset: 0
  m_Conditions:
  - m_ConditionMode: 1
    m_ConditionEvent: AirDodge
    m_EventTreshold: 0
    m_ExitTime: 1
  m_Atomic: 1
  m_Solo: 0
  m_Mute: 0
  m_CanTransitionToSelf: 0
--- !u!1101 &110126135
Transition:
  serializedVersion: 2
  m_ObjectHideFlags: 3
  m_PrefabParentObject: {fileID: 0}
  m_PrefabInternal: {fileID: 0}
  m_Name: 
  m_SrcState: {fileID: 110200000}
  m_DstState: {fileID: 110283637}
  m_TransitionDuration: 0
  m_TransitionOffset: 0
  m_Conditions:
  - m_ConditionMode: 1
    m_ConditionEvent: Dodge
    m_EventTreshold: 0
    m_ExitTime: 1
  m_Atomic: 1
  m_Solo: 0
  m_Mute: 0
  m_CanTransitionToSelf: 0
--- !u!1101 &110129107
Transition:
  serializedVersion: 2
  m_ObjectHideFlags: 3
  m_PrefabParentObject: {fileID: 0}
  m_PrefabInternal: {fileID: 0}
  m_Name: 
  m_SrcState: {fileID: 110244231}
  m_DstState: {fileID: 110200000}
  m_TransitionDuration: 0
  m_TransitionOffset: 0
  m_Conditions:
  - m_ConditionMode: 1
    m_ConditionEvent: Grounded
    m_EventTreshold: .100000001
    m_ExitTime: 1
  - m_ConditionMode: 2
    m_ConditionEvent: AirDodge
    m_EventTreshold: .100000001
    m_ExitTime: 1
  m_Atomic: 1
  m_Solo: 0
  m_Mute: 0
  m_CanTransitionToSelf: 0
--- !u!1101 &110134350
Transition:
  serializedVersion: 2
  m_ObjectHideFlags: 3
  m_PrefabParentObject: {fileID: 0}
  m_PrefabInternal: {fileID: 0}
  m_Name: 
  m_SrcState: {fileID: 110200000}
  m_DstState: {fileID: 110296750}
  m_TransitionDuration: 0
  m_TransitionOffset: 0
  m_Conditions:
  - m_ConditionMode: 1
    m_ConditionEvent: Dodge
    m_EventTreshold: 0
    m_ExitTime: 1
  m_Atomic: 1
  m_Solo: 0
  m_Mute: 0
  m_CanTransitionToSelf: 0
--- !u!1101 &110134707
Transition:
  serializedVersion: 2
  m_ObjectHideFlags: 3
  m_PrefabParentObject: {fileID: 0}
  m_PrefabInternal: {fileID: 0}
  m_Name: 
  m_SrcState: {fileID: 110205334}
  m_DstState: {fileID: 110223167}
  m_TransitionDuration: 0
  m_TransitionOffset: 0
  m_Conditions:
  - m_ConditionMode: 1
    m_ConditionEvent: UpDash
    m_EventTreshold: 0
    m_ExitTime: 1
  - m_ConditionMode: 2
    m_ConditionEvent: AirDodge
    m_EventTreshold: 0
    m_ExitTime: 1
  m_Atomic: 1
  m_Solo: 0
  m_Mute: 0
  m_CanTransitionToSelf: 0
--- !u!1101 &110134728
Transition:
  serializedVersion: 2
  m_ObjectHideFlags: 3
  m_PrefabParentObject: {fileID: 0}
  m_PrefabInternal: {fileID: 0}
  m_Name: 
  m_SrcState: {fileID: 0}
  m_DstState: {fileID: 110266073}
  m_TransitionDuration: .100000001
  m_TransitionOffset: 0
  m_Conditions:
  - m_ConditionMode: 1
    m_ConditionEvent: Stomping
    m_EventTreshold: 0
    m_ExitTime: .899999976
  - m_ConditionMode: 2
    m_ConditionEvent: Grounded
    m_EventTreshold: 0
    m_ExitTime: .899999976
  m_Atomic: 1
  m_Solo: 0
  m_Mute: 0
  m_CanTransitionToSelf: 0
--- !u!1101 &110135071
Transition:
  serializedVersion: 2
  m_ObjectHideFlags: 3
  m_PrefabParentObject: {fileID: 0}
  m_PrefabInternal: {fileID: 0}
  m_Name: 
  m_SrcState: {fileID: 110299574}
  m_DstState: {fileID: 110244231}
  m_TransitionDuration: 0
  m_TransitionOffset: 0
  m_Conditions:
  - m_ConditionMode: 2
    m_ConditionEvent: AirDodge
    m_EventTreshold: 0
    m_ExitTime: 1
  m_Atomic: 1
  m_Solo: 0
  m_Mute: 0
  m_CanTransitionToSelf: 0
--- !u!1101 &110141435
Transition:
  serializedVersion: 2
  m_ObjectHideFlags: 3
  m_PrefabParentObject: {fileID: 0}
  m_PrefabInternal: {fileID: 0}
  m_Name: 
  m_SrcState: {fileID: 110283637}
  m_DstState: {fileID: 110200000}
  m_TransitionDuration: 0
  m_TransitionOffset: 0
  m_Conditions:
  - m_ConditionMode: 2
    m_ConditionEvent: Dodge
    m_EventTreshold: 1.10000002
    m_ExitTime: 1
  m_Atomic: 1
  m_Solo: 0
  m_Mute: 0
  m_CanTransitionToSelf: 0
--- !u!1101 &110142302
Transition:
  serializedVersion: 2
  m_ObjectHideFlags: 3
  m_PrefabParentObject: {fileID: 0}
  m_PrefabInternal: {fileID: 0}
  m_Name: 
  m_SrcState: {fileID: 110205334}
  m_DstState: {fileID: 110297222}
  m_TransitionDuration: 0
  m_TransitionOffset: 0
  m_Conditions:
  - m_ConditionMode: 2
    m_ConditionEvent: AirDodge
    m_EventTreshold: 0
    m_ExitTime: 1
  m_Atomic: 1
  m_Solo: 0
  m_Mute: 0
  m_CanTransitionToSelf: 0
--- !u!1101 &110142678
Transition:
  serializedVersion: 2
  m_ObjectHideFlags: 3
  m_PrefabParentObject: {fileID: 0}
  m_PrefabInternal: {fileID: 0}
  m_Name: 
  m_SrcState: {fileID: 110224700}
  m_DstState: {fileID: 110200000}
  m_TransitionDuration: 0
  m_TransitionOffset: 0
  m_Conditions:
  - m_ConditionMode: 2
    m_ConditionEvent: Respawn
    m_EventTreshold: 0
    m_ExitTime: 1
  m_Atomic: 1
  m_Solo: 0
  m_Mute: 0
  m_CanTransitionToSelf: 0
--- !u!1101 &110145342
Transition:
  serializedVersion: 2
  m_ObjectHideFlags: 3
  m_PrefabParentObject: {fileID: 0}
  m_PrefabInternal: {fileID: 0}
  m_Name: 
  m_SrcState: {fileID: 0}
  m_DstState: {fileID: 110260940}
  m_TransitionDuration: .100000001
  m_TransitionOffset: 0
  m_Conditions:
  - m_ConditionMode: 4
    m_ConditionEvent: yVel
    m_EventTreshold: 0
    m_ExitTime: .899999976
  - m_ConditionMode: 2
    m_ConditionEvent: Grounded
    m_EventTreshold: 0
    m_ExitTime: .899999976
  - m_ConditionMode: 2
    m_ConditionEvent: KnockedBack
    m_EventTreshold: 0
    m_ExitTime: .899999976
  - m_ConditionMode: 2
    m_ConditionEvent: Respawn
    m_EventTreshold: 0
    m_ExitTime: .899999976
  - m_ConditionMode: 2
    m_ConditionEvent: Stomping
    m_EventTreshold: 0
    m_ExitTime: .899999976
  - m_ConditionMode: 2
    m_ConditionEvent: Dodge
    m_EventTreshold: 0
    m_ExitTime: .899999976
  - m_ConditionMode: 2
    m_ConditionEvent: AirDodge
    m_EventTreshold: 0
    m_ExitTime: .899999976
  - m_ConditionMode: 2
    m_ConditionEvent: UpDash
    m_EventTreshold: 0
    m_ExitTime: .899999976
  m_Atomic: 1
  m_Solo: 0
  m_Mute: 0
  m_CanTransitionToSelf: 0
--- !u!1101 &110146125
Transition:
  serializedVersion: 2
  m_ObjectHideFlags: 3
  m_PrefabParentObject: {fileID: 0}
  m_PrefabInternal: {fileID: 0}
  m_Name: 
  m_SrcState: {fileID: 0}
  m_DstState: {fileID: 110266073}
  m_TransitionDuration: .100000001
  m_TransitionOffset: 0
  m_Conditions:
  - m_ConditionMode: 1
    m_ConditionEvent: Stomping
    m_EventTreshold: 0
    m_ExitTime: .899999976
  - m_ConditionMode: 2
    m_ConditionEvent: Grounded
    m_EventTreshold: 0
    m_ExitTime: .899999976
  m_Atomic: 1
  m_Solo: 0
  m_Mute: 0
  m_CanTransitionToSelf: 0
--- !u!1101 &110147673
Transition:
  serializedVersion: 2
  m_ObjectHideFlags: 3
  m_PrefabParentObject: {fileID: 0}
  m_PrefabInternal: {fileID: 0}
  m_Name: 
  m_SrcState: {fileID: 110223167}
  m_DstState: {fileID: 110205334}
  m_TransitionDuration: 0
  m_TransitionOffset: 0
  m_Conditions:
  - m_ConditionMode: 2
    m_ConditionEvent: UpDash
    m_EventTreshold: 0
    m_ExitTime: 1
  - m_ConditionMode: 1
    m_ConditionEvent: AirDodge
    m_EventTreshold: 0
    m_ExitTime: 1
  m_Atomic: 1
  m_Solo: 0
  m_Mute: 0
  m_CanTransitionToSelf: 0
--- !u!1101 &110149078
Transition:
  serializedVersion: 2
  m_ObjectHideFlags: 3
  m_PrefabParentObject: {fileID: 0}
  m_PrefabInternal: {fileID: 0}
  m_Name: 
  m_SrcState: {fileID: 110244231}
  m_DstState: {fileID: 110299574}
  m_TransitionDuration: 0
  m_TransitionOffset: 0
  m_Conditions:
  - m_ConditionMode: 1
    m_ConditionEvent: AirDodge
    m_EventTreshold: 0
    m_ExitTime: 1
  m_Atomic: 1
  m_Solo: 0
  m_Mute: 0
  m_CanTransitionToSelf: 0
--- !u!1101 &110154166
Transition:
  serializedVersion: 2
  m_ObjectHideFlags: 3
  m_PrefabParentObject: {fileID: 0}
  m_PrefabInternal: {fileID: 0}
  m_Name: 
  m_SrcState: {fileID: 110244231}
  m_DstState: {fileID: 110213947}
  m_TransitionDuration: 0
  m_TransitionOffset: 0
  m_Conditions:
  - m_ConditionMode: 5
    m_ConditionEvent: 
    m_EventTreshold: 0
    m_ExitTime: 1
  m_Atomic: 1
  m_Solo: 0
  m_Mute: 0
  m_CanTransitionToSelf: 0
--- !u!1101 &110161010
Transition:
  serializedVersion: 2
  m_ObjectHideFlags: 3
  m_PrefabParentObject: {fileID: 0}
  m_PrefabInternal: {fileID: 0}
  m_Name: 
  m_SrcState: {fileID: 110266073}
  m_DstState: {fileID: 110250689}
  m_TransitionDuration: 0
  m_TransitionOffset: 0
  m_Conditions:
  - m_ConditionMode: 1
    m_ConditionEvent: Stomping
    m_EventTreshold: 0
    m_ExitTime: 1
  - m_ConditionMode: 1
    m_ConditionEvent: Grounded
    m_EventTreshold: 0
    m_ExitTime: 1
  m_Atomic: 1
  m_Solo: 0
  m_Mute: 0
  m_CanTransitionToSelf: 0
--- !u!1101 &110164502
Transition:
  serializedVersion: 2
  m_ObjectHideFlags: 3
  m_PrefabParentObject: {fileID: 0}
  m_PrefabInternal: {fileID: 0}
  m_Name: 
  m_SrcState: {fileID: 110250689}
  m_DstState: {fileID: 110200000}
  m_TransitionDuration: 0
  m_TransitionOffset: 0
  m_Conditions:
  - m_ConditionMode: 2
    m_ConditionEvent: Stomping
    m_EventTreshold: 0
    m_ExitTime: 1
  - m_ConditionMode: 1
    m_ConditionEvent: Grounded
    m_EventTreshold: 0
    m_ExitTime: 1
  m_Atomic: 1
  m_Solo: 0
  m_Mute: 0
  m_CanTransitionToSelf: 0
--- !u!1101 &110164618
Transition:
  serializedVersion: 2
  m_ObjectHideFlags: 3
  m_PrefabParentObject: {fileID: 0}
  m_PrefabInternal: {fileID: 0}
  m_Name: 
  m_SrcState: {fileID: 110200000}
  m_DstState: {fileID: 110242990}
  m_TransitionDuration: 0
  m_TransitionOffset: 0
  m_Conditions:
  - m_ConditionMode: 3
    m_ConditionEvent: Speed
    m_EventTreshold: .100000001
    m_ExitTime: 1
  m_Atomic: 1
  m_Solo: 0
  m_Mute: 0
  m_CanTransitionToSelf: 0
--- !u!1101 &110167017
Transition:
  serializedVersion: 2
  m_ObjectHideFlags: 3
  m_PrefabParentObject: {fileID: 0}
  m_PrefabInternal: {fileID: 0}
  m_Name: 
  m_SrcState: {fileID: 110242695}
  m_DstState: {fileID: 110200000}
  m_TransitionDuration: 0
  m_TransitionOffset: 0
  m_Conditions:
  - m_ConditionMode: 6
    m_ConditionEvent: Health
    m_EventTreshold: 1
    m_ExitTime: 1
  m_Atomic: 1
  m_Solo: 0
  m_Mute: 0
  m_CanTransitionToSelf: 0
--- !u!1101 &110167360
Transition:
  serializedVersion: 2
  m_ObjectHideFlags: 3
  m_PrefabParentObject: {fileID: 0}
  m_PrefabInternal: {fileID: 0}
  m_Name: 
  m_SrcState: {fileID: 110200000}
  m_DstState: {fileID: 110260940}
  m_TransitionDuration: 0
  m_TransitionOffset: 0
  m_Conditions:
  - m_ConditionMode: 5
    m_ConditionEvent: 
    m_EventTreshold: 0
    m_ExitTime: 1
  m_Atomic: 1
  m_Solo: 0
  m_Mute: 0
  m_CanTransitionToSelf: 0
--- !u!1101 &110169469
Transition:
  serializedVersion: 2
  m_ObjectHideFlags: 3
  m_PrefabParentObject: {fileID: 0}
  m_PrefabInternal: {fileID: 0}
  m_Name: 
  m_SrcState: {fileID: 110257571}
  m_DstState: {fileID: 110200000}
  m_TransitionDuration: 0
  m_TransitionOffset: 0
  m_Conditions:
  - m_ConditionMode: 4
    m_ConditionEvent: Speed
    m_EventTreshold: .100000001
    m_ExitTime: 1
  m_Atomic: 1
  m_Solo: 0
  m_Mute: 0
  m_CanTransitionToSelf: 0
--- !u!1101 &110169857
Transition:
  serializedVersion: 2
  m_ObjectHideFlags: 3
  m_PrefabParentObject: {fileID: 0}
  m_PrefabInternal: {fileID: 0}
  m_Name: 
  m_SrcState: {fileID: 110297222}
  m_DstState: {fileID: 110200000}
  m_TransitionDuration: 0
  m_TransitionOffset: 0
  m_Conditions:
  - m_ConditionMode: 5
    m_ConditionEvent: 
    m_EventTreshold: 0
    m_ExitTime: 1
  m_Atomic: 1
  m_Solo: 0
  m_Mute: 0
  m_CanTransitionToSelf: 0
--- !u!1101 &110170285
Transition:
  serializedVersion: 2
  m_ObjectHideFlags: 3
  m_PrefabParentObject: {fileID: 0}
  m_PrefabInternal: {fileID: 0}
  m_Name: 
  m_SrcState: {fileID: 110297222}
  m_DstState: {fileID: 110223167}
  m_TransitionDuration: 0
  m_TransitionOffset: 0
  m_Conditions:
  - m_ConditionMode: 1
    m_ConditionEvent: UpDash
    m_EventTreshold: 0
    m_ExitTime: 1
  m_Atomic: 1
  m_Solo: 0
  m_Mute: 0
  m_CanTransitionToSelf: 0
--- !u!1101 &110170746
Transition:
  serializedVersion: 2
  m_ObjectHideFlags: 3
  m_PrefabParentObject: {fileID: 0}
  m_PrefabInternal: {fileID: 0}
  m_Name: 
  m_SrcState: {fileID: 110297222}
  m_DstState: {fileID: 110260940}
  m_TransitionDuration: 0
  m_TransitionOffset: 0
  m_Conditions:
  - m_ConditionMode: 4
    m_ConditionEvent: yVel
    m_EventTreshold: .100000001
    m_ExitTime: 1
  m_Atomic: 1
  m_Solo: 0
  m_Mute: 0
  m_CanTransitionToSelf: 0
--- !u!1101 &110173688
Transition:
  serializedVersion: 2
  m_ObjectHideFlags: 3
  m_PrefabParentObject: {fileID: 0}
  m_PrefabInternal: {fileID: 0}
  m_Name: 
  m_SrcState: {fileID: 110260940}
  m_DstState: {fileID: 110223167}
  m_TransitionDuration: 0
  m_TransitionOffset: 0
  m_Conditions:
  - m_ConditionMode: 1
    m_ConditionEvent: UpDash
    m_EventTreshold: 0
    m_ExitTime: 1
  m_Atomic: 1
  m_Solo: 0
  m_Mute: 0
  m_CanTransitionToSelf: 0
--- !u!1101 &110183611
Transition:
  serializedVersion: 2
  m_ObjectHideFlags: 3
  m_PrefabParentObject: {fileID: 0}
  m_PrefabInternal: {fileID: 0}
  m_Name: 
  m_SrcState: {fileID: 110296750}
  m_DstState: {fileID: 110200000}
  m_TransitionDuration: 0
  m_TransitionOffset: 0
  m_Conditions:
  - m_ConditionMode: 2
    m_ConditionEvent: Dodge
    m_EventTreshold: 0
    m_ExitTime: 1
  m_Atomic: 1
  m_Solo: 0
  m_Mute: 0
  m_CanTransitionToSelf: 0
--- !u!1101 &110183640
Transition:
  serializedVersion: 2
  m_ObjectHideFlags: 3
  m_PrefabParentObject: {fileID: 0}
  m_PrefabInternal: {fileID: 0}
  m_Name: 
  m_SrcState: {fileID: 110242990}
  m_DstState: {fileID: 110283637}
  m_TransitionDuration: 0
  m_TransitionOffset: 0
  m_Conditions:
  - m_ConditionMode: 1
    m_ConditionEvent: Dodge
    m_EventTreshold: 0
    m_ExitTime: 1
  m_Atomic: 1
  m_Solo: 0
  m_Mute: 0
  m_CanTransitionToSelf: 0
--- !u!1101 &110185805
Transition:
  serializedVersion: 2
  m_ObjectHideFlags: 3
  m_PrefabParentObject: {fileID: 0}
  m_PrefabInternal: {fileID: 0}
  m_Name: 
  m_SrcState: {fileID: 110260940}
  m_DstState: {fileID: 110200000}
  m_TransitionDuration: 0
  m_TransitionOffset: 0
  m_Conditions:
  - m_ConditionMode: 1
    m_ConditionEvent: Grounded
    m_EventTreshold: 0
    m_ExitTime: 1
  m_Atomic: 1
  m_Solo: 0
  m_Mute: 0
  m_CanTransitionToSelf: 0
--- !u!1101 &110187266
Transition:
  serializedVersion: 2
  m_ObjectHideFlags: 3
  m_PrefabParentObject: {fileID: 0}
  m_PrefabInternal: {fileID: 0}
  m_Name: 
  m_SrcState: {fileID: 110257571}
  m_DstState: {fileID: 110296750}
  m_TransitionDuration: 0
  m_TransitionOffset: 0
  m_Conditions:
  - m_ConditionMode: 1
    m_ConditionEvent: Dodge
    m_EventTreshold: 0
    m_ExitTime: 1
  m_Atomic: 1
  m_Solo: 0
  m_Mute: 0
  m_CanTransitionToSelf: 0
--- !u!1101 &110190794
Transition:
  serializedVersion: 2
  m_ObjectHideFlags: 3
  m_PrefabParentObject: {fileID: 0}
  m_PrefabInternal: {fileID: 0}
  m_Name: 
  m_SrcState: {fileID: 110223167}
  m_DstState: {fileID: 110297222}
  m_TransitionDuration: 0
  m_TransitionOffset: 0
  m_Conditions:
  - m_ConditionMode: 2
    m_ConditionEvent: UpDash
    m_EventTreshold: 0
    m_ExitTime: 1
  m_Atomic: 1
  m_Solo: 0
  m_Mute: 0
  m_CanTransitionToSelf: 0
--- !u!1101 &110191329
Transition:
  serializedVersion: 2
  m_ObjectHideFlags: 3
  m_PrefabParentObject: {fileID: 0}
  m_PrefabInternal: {fileID: 0}
  m_Name: 
  m_SrcState: {fileID: 0}
  m_DstState: {fileID: 110297222}
  m_TransitionDuration: .100000001
  m_TransitionOffset: 0
  m_Conditions:
  - m_ConditionMode: 2
    m_ConditionEvent: Grounded
    m_EventTreshold: 0
    m_ExitTime: .899999976
  - m_ConditionMode: 2
    m_ConditionEvent: KnockedBack
    m_EventTreshold: 0
    m_ExitTime: .899999976
  - m_ConditionMode: 2
    m_ConditionEvent: Stomping
    m_EventTreshold: 0
    m_ExitTime: .899999976
  - m_ConditionMode: 2
    m_ConditionEvent: AirDodge
    m_EventTreshold: 0
    m_ExitTime: .899999976
  - m_ConditionMode: 2
    m_ConditionEvent: UpDash
    m_EventTreshold: 0
    m_ExitTime: .899999976
  - m_ConditionMode: 2
    m_ConditionEvent: Dodge
    m_EventTreshold: 0
    m_ExitTime: .899999976
  - m_ConditionMode: 3
    m_ConditionEvent: yVel
    m_EventTreshold: .100000001
    m_ExitTime: .899999976
  - m_ConditionMode: 2
    m_ConditionEvent: Respawn
    m_EventTreshold: .100000001
    m_ExitTime: .899999976
  m_Atomic: 1
  m_Solo: 0
  m_Mute: 0
  m_CanTransitionToSelf: 0
--- !u!1101 &110191962
Transition:
  serializedVersion: 2
  m_ObjectHideFlags: 3
  m_PrefabParentObject: {fileID: 0}
  m_PrefabInternal: {fileID: 0}
  m_Name: 
  m_SrcState: {fileID: 110200000}
  m_DstState: {fileID: 110257571}
  m_TransitionDuration: 0
  m_TransitionOffset: 0
  m_Conditions:
  - m_ConditionMode: 3
    m_ConditionEvent: Speed
    m_EventTreshold: .100000001
    m_ExitTime: 1
  m_Atomic: 1
  m_Solo: 0
  m_Mute: 0
  m_CanTransitionToSelf: 0
--- !u!1101 &110193070
Transition:
  serializedVersion: 2
  m_ObjectHideFlags: 3
  m_PrefabParentObject: {fileID: 0}
  m_PrefabInternal: {fileID: 0}
  m_Name: 
  m_SrcState: {fileID: 0}
  m_DstState: {fileID: 110224700}
  m_TransitionDuration: .100000001
  m_TransitionOffset: 0
  m_Conditions:
  - m_ConditionMode: 1
    m_ConditionEvent: Respawn
    m_EventTreshold: 0
    m_ExitTime: .899999976
  m_Atomic: 1
  m_Solo: 0
  m_Mute: 0
  m_CanTransitionToSelf: 0
--- !u!1101 &110194604
Transition:
  serializedVersion: 2
  m_ObjectHideFlags: 3
  m_PrefabParentObject: {fileID: 0}
  m_PrefabInternal: {fileID: 0}
  m_Name: 
  m_SrcState: {fileID: 0}
  m_DstState: {fileID: 110234953}
  m_TransitionDuration: .100000001
  m_TransitionOffset: 0
  m_Conditions:
  - m_ConditionMode: 1
    m_ConditionEvent: KnockedBack
    m_EventTreshold: 0
    m_ExitTime: .899999976
  m_Atomic: 1
  m_Solo: 0
  m_Mute: 0
  m_CanTransitionToSelf: 0
--- !u!1101 &110197502
Transition:
  serializedVersion: 2
  m_ObjectHideFlags: 3
  m_PrefabParentObject: {fileID: 0}
  m_PrefabInternal: {fileID: 0}
  m_Name: 
  m_SrcState: {fileID: 0}
  m_DstState: {fileID: 110213947}
  m_TransitionDuration: .100000001
  m_TransitionOffset: 0
  m_Conditions:
  - m_ConditionMode: 1
    m_ConditionEvent: Stomping
    m_EventTreshold: 0
    m_ExitTime: .899999976
  m_Atomic: 1
  m_Solo: 0
  m_Mute: 0
  m_CanTransitionToSelf: 0
--- !u!1102 &110200000
State:
  m_ObjectHideFlags: 3
  m_PrefabParentObject: {fileID: 0}
  m_PrefabInternal: {fileID: 0}
  m_Name: Idle
  m_Speed: .5
  m_CycleOffset: 0
  m_Motions:
  - {fileID: 7400000, guid: b3904ed177dcbed41b7228939388fdf6, type: 2}
  m_ParentStateMachine: {fileID: 110700000}
  m_Position: {x: 468, y: 156, z: 0}
  m_IKOnFeet: 0
  m_Mirror: 0
  m_Tag: 
--- !u!1102 &110205334
State:
  m_ObjectHideFlags: 3
  m_PrefabParentObject: {fileID: 0}
  m_PrefabInternal: {fileID: 0}
  m_Name: AirDodge
  m_Speed: 1
  m_CycleOffset: 0
  m_Motions:
  - {fileID: 7400000, guid: 76d75b96558d4e946802caecf8c487b8, type: 2}
  m_ParentStateMachine: {fileID: 110700000}
  m_Position: {x: -264, y: 240, z: 0}
  m_IKOnFeet: 0
  m_Mirror: 0
  m_Tag: 
--- !u!1102 &110213947
State:
  m_ObjectHideFlags: 3
  m_PrefabParentObject: {fileID: 0}
  m_PrefabInternal: {fileID: 0}
  m_Name: Stomp
  m_Speed: 1
  m_CycleOffset: 0
  m_Motions:
  - {fileID: 7400000, guid: 66f29984b40e29c47a736348828385f5, type: 2}
  m_ParentStateMachine: {fileID: 110700000}
  m_Position: {x: 240, y: -12, z: 0}
  m_IKOnFeet: 0
  m_Mirror: 0
  m_Tag: 
--- !u!1102 &110223167
State:
  m_ObjectHideFlags: 3
  m_PrefabParentObject: {fileID: 0}
  m_PrefabInternal: {fileID: 0}
  m_Name: UpDash
  m_Speed: 1
  m_CycleOffset: 0
  m_Motions:
  - {fileID: 7400000, guid: eee1e6d3c7e967946bb3f977e0a87bb5, type: 2}
  m_ParentStateMachine: {fileID: 110700000}
  m_Position: {x: -108, y: 108, z: 0}
  m_IKOnFeet: 0
  m_Mirror: 0
  m_Tag: 
--- !u!1102 &110224700
State:
  m_ObjectHideFlags: 3
  m_PrefabParentObject: {fileID: 0}
  m_PrefabInternal: {fileID: 0}
  m_Name: Respawn
  m_Speed: .800000012
  m_CycleOffset: 0
  m_Motions:
  - {fileID: 7400000, guid: b6108ab498802da4586d9a8937093773, type: 2}
  m_ParentStateMachine: {fileID: 110700000}
  m_Position: {x: 588, y: -96, z: 0}
  m_IKOnFeet: 0
  m_Mirror: 0
  m_Tag: 
--- !u!1102 &110234953
State:
  m_ObjectHideFlags: 3
  m_PrefabParentObject: {fileID: 0}
  m_PrefabInternal: {fileID: 0}
  m_Name: KnockedBack
  m_Speed: 1
  m_CycleOffset: 0
  m_Motions:
  - {fileID: 7400000, guid: c7a477411a43c6f4aa3c1575d22df054, type: 2}
  m_ParentStateMachine: {fileID: 110700000}
  m_Position: {x: 384, y: 0, z: 0}
  m_IKOnFeet: 0
  m_Mirror: 0
  m_Tag: 
--- !u!1102 &110242695
State:
  m_ObjectHideFlags: 3
  m_PrefabParentObject: {fileID: 0}
  m_PrefabInternal: {fileID: 0}
  m_Name: Death
  m_Speed: 1
  m_CycleOffset: 0
  m_Motions:
  - {fileID: 7400000, guid: 5ce40846738cc984ca140d53803e83bf, type: 2}
  m_ParentStateMachine: {fileID: 110700000}
  m_Position: {x: 480, y: 48, z: 0}
  m_IKOnFeet: 0
  m_Mirror: 0
  m_Tag: 
--- !u!1102 &110242990
State:
  m_ObjectHideFlags: 3
  m_PrefabParentObject: {fileID: 0}
  m_PrefabInternal: {fileID: 0}
  m_Name: Run
  m_Speed: .75
  m_CycleOffset: 0
  m_Motions:
  - {fileID: 7400000, guid: 5f702cadc28155a4d81f9e8997565b89, type: 2}
  m_ParentStateMachine: {fileID: 110700000}
  m_Position: {x: 432, y: 300, z: 0}
  m_IKOnFeet: 0
  m_Mirror: 0
  m_Tag: 
--- !u!1102 &110244231
State:
  m_ObjectHideFlags: 3
  m_PrefabParentObject: {fileID: 0}
  m_PrefabInternal: {fileID: 0}
  m_Name: Jump
  m_Speed: 1
  m_CycleOffset: 0
  m_Motions:
  - {fileID: 7400000, guid: b6ee30b4e46af5048b2c9300c6477a59, type: 2}
  m_ParentStateMachine: {fileID: 110700000}
  m_Position: {x: -72, y: 156, z: 0}
  m_IKOnFeet: 0
  m_Mirror: 0
  m_Tag: 
--- !u!1102 &110250689
State:
  m_ObjectHideFlags: 3
  m_PrefabParentObject: {fileID: 0}
  m_PrefabInternal: {fileID: 0}
  m_Name: StompSquish
  m_Speed: 1
  m_CycleOffset: 0
  m_Motions:
  - {fileID: 7400000, guid: 406487eb956dc8f418100a7323457325, type: 2}
  m_ParentStateMachine: {fileID: 110700000}
  m_Position: {x: 768, y: -12, z: 0}
  m_IKOnFeet: 0
  m_Mirror: 0
  m_Tag: 
--- !u!1102 &110257571
State:
  m_ObjectHideFlags: 3
  m_PrefabParentObject: {fileID: 0}
  m_PrefabInternal: {fileID: 0}
  m_Name: Run
  m_Speed: .800000012
  m_CycleOffset: 0
  m_Motions:
  - {fileID: 7400000, guid: 5cc59683d00723749960d3fe326149da, type: 2}
  m_ParentStateMachine: {fileID: 110700000}
  m_Position: {x: 468, y: 312, z: 0}
  m_IKOnFeet: 0
  m_Mirror: 0
  m_Tag: 
--- !u!1102 &110260940
State:
  m_ObjectHideFlags: 3
  m_PrefabParentObject: {fileID: 0}
  m_PrefabInternal: {fileID: 0}
  m_Name: Fall
  m_Speed: .5
  m_CycleOffset: 0
  m_Motions:
  - {fileID: 7400000, guid: d8d379d7f813d25469a85ed1ed867121, type: 2}
  m_ParentStateMachine: {fileID: 110700000}
  m_Position: {x: 180, y: 108, z: 0}
  m_IKOnFeet: 0
  m_Mirror: 0
  m_Tag: 
--- !u!1102 &110266073
State:
  m_ObjectHideFlags: 3
  m_PrefabParentObject: {fileID: 0}
  m_PrefabInternal: {fileID: 0}
  m_Name: StompFall
  m_Speed: 1
  m_CycleOffset: 0
  m_Motions:
  - {fileID: 7400000, guid: 0b5b3b4d33823964eb958c82bc9e29e1, type: 2}
  m_ParentStateMachine: {fileID: 110700000}
  m_Position: {x: 708, y: -180, z: 0}
  m_IKOnFeet: 0
  m_Mirror: 0
  m_Tag: 
--- !u!1102 &110283637
State:
  m_ObjectHideFlags: 3
  m_PrefabParentObject: {fileID: 0}
  m_PrefabInternal: {fileID: 0}
  m_Name: Dodge
  m_Speed: 1
  m_CycleOffset: 0
  m_Motions:
  - {fileID: 7400000, guid: d5f21b889e555e545bd9296a1fa49338, type: 2}
  m_ParentStateMachine: {fileID: 110700000}
  m_Position: {x: 120, y: 264, z: 0}
  m_IKOnFeet: 0
  m_Mirror: 0
  m_Tag: 
--- !u!1102 &110296750
State:
  m_ObjectHideFlags: 3
  m_PrefabParentObject: {fileID: 0}
  m_PrefabInternal: {fileID: 0}
  m_Name: Dodge
  m_Speed: 1
  m_CycleOffset: 0
  m_Motions:
  - {fileID: 7400000, guid: 73f5cbd34a62c93469f06c611a338494, type: 2}
  m_ParentStateMachine: {fileID: 110700000}
  m_Position: {x: 216, y: 288, z: 0}
  m_IKOnFeet: 0
  m_Mirror: 0
  m_Tag: 
--- !u!1102 &110297222
State:
  m_ObjectHideFlags: 3
  m_PrefabParentObject: {fileID: 0}
  m_PrefabInternal: {fileID: 0}
  m_Name: Jump
  m_Speed: 1
  m_CycleOffset: 0
  m_Motions:
  - {fileID: 7400000, guid: 0f7d4c47e34469f49ac7cd202691eee8, type: 2}
  m_ParentStateMachine: {fileID: 110700000}
  m_Position: {x: -264, y: -120, z: 0}
  m_IKOnFeet: 0
  m_Mirror: 0
  m_Tag: 
--- !u!1102 &110299574
State:
  m_ObjectHideFlags: 3
  m_PrefabParentObject: {fileID: 0}
  m_PrefabInternal: {fileID: 0}
  m_Name: AirDodge
  m_Speed: 1
  m_CycleOffset: 0
  m_Motions:
  - {fileID: 7400000, guid: 4ffa1a19953c42d4cbd4c604047b0e44, type: 2}
  m_ParentStateMachine: {fileID: 110700000}
  m_Position: {x: -180, y: 240, z: 0}
  m_IKOnFeet: 0
  m_Mirror: 0
  m_Tag: 
--- !u!1107 &110700000
StateMachine:
  serializedVersion: 2
  m_ObjectHideFlags: 3
  m_PrefabParentObject: {fileID: 0}
  m_PrefabInternal: {fileID: 0}
  m_Name: Base Layer
  m_DefaultState: {fileID: 110224700}
  m_States:
  - {fileID: 110205334}
  - {fileID: 110297222}
  - {fileID: 110200000}
  - {fileID: 110296750}
  - {fileID: 110257571}
  - {fileID: 110266073}
  - {fileID: 110250689}
  - {fileID: 110223167}
  - {fileID: 110234953}
  - {fileID: 110260940}
  - {fileID: 110224700}
  m_ChildStateMachine: []
  m_ChildStateMachinePosition: []
  m_OrderedTransitions:
    data:
      first: {fileID: 0}
      second:
      - {fileID: 110191329}
      - {fileID: 110134728}
      - {fileID: 110104963}
      - {fileID: 110193070}
      - {fileID: 110145342}
    data:
      first: {fileID: 110200000}
      second:
      - {fileID: 110191962}
      - {fileID: 110134350}
      - {fileID: 110167360}
    data:
      first: {fileID: 110205334}
      second:
      - {fileID: 110142302}
      - {fileID: 110134707}
    data:
      first: {fileID: 110297222}
      second:
      - {fileID: 110125375}
      - {fileID: 110170285}
      - {fileID: 110170746}
    data:
      first: {fileID: 110296750}
      second:
      - {fileID: 110183611}
    data:
      first: {fileID: 110257571}
      second:
      - {fileID: 110169469}
      - {fileID: 110187266}
    data:
      first: {fileID: 110266073}
      second:
      - {fileID: 110161010}
    data:
      first: {fileID: 110250689}
      second:
      - {fileID: 110164502}
    data:
      first: {fileID: 110223167}
      second:
      - {fileID: 110190794}
      - {fileID: 110147673}
    data:
      first: {fileID: 110234953}
      second:
      - {fileID: 110101857}
    data:
      first: {fileID: 110260940}
      second:
      - {fileID: 110185805}
      - {fileID: 110101052}
      - {fileID: 110173688}
    data:
      first: {fileID: 110224700}
      second:
      - {fileID: 110142678}
  m_MotionSetCount: 1
  m_AnyStatePosition: {x: 216, y: -156, z: 0}
  m_ParentStateMachinePosition: {x: 800, y: 20, z: 0}
